TODO: family name second
TODO: how to cite the date when websites where accessed? assume via timestamp tag and year

sort: surname of authors > title

@string{aes = {"Advances in Engineering Software"}}
@string{spa = {Proceedings of the 3rd annual conference on Systems, programming, and applications: software for humanity}}
@string{pdp = {The 2001 International Conference on Parallel and Distributed Processing Techniques and Applications}}
@string{oop = {Proceedings of the 22nd annual ACM SIGPLAN conference on Object-oriented programming systems and applications}}
@string{vee = {Proceedings of the 1st ACM/USENIX international conference on Virtual execution environments}}
@string{cpe = {Concurrency: Practice and Experience}}
@string{plc = {Proceedings of the Asia-Pacific Programming Languages and Compilers Workshop}}

@string{springer = {Springer}}
@string{ibm = {IBM}}
@string{acm = {ACM}}
@string{addisson = {Addison-Wesley Professional}}
@string{prentice = {Prentice-Hall, Inc.}}


@article{baitsch2010,
	title = "A toolkit for efficient numerical applications in Java ",
	journal = aes,
	volume = "41",
	number = "1",
	pages = "75 - 83",
	year = "2010",
	issn = "0965-9978",
	doi = "10.1016/j.advengsoft.2008.12.013",
	url = "http://www.sciencedirect.com/science/article/pii/S0965997808002172",
	author = "Baitsch, M. and Li, N. and Hartmann, D.",
	keywords = "Java",
	keywords = "Linear algebra",
	keywords = "Object-oriented numerics",
	keywords = "Scientific computing",
	keywords = "Benchmarking "
}


ï»¿@article {bik1997jblas,
	author = {Bik, Aart J. C. and Gannon, Dennis B.},
	title = {A note on native level 1 BLAS in Java},
	journal = cpe,
	volume = {9},
	number = {11},
	publisher = {John Wiley & Sons, Ltd},
	issn = {1096-9128},
	url = {http://dx.doi.org/10.1002/(SICI)1096-9128(199711)9:11<1091::AID-CPE342>3.0.CO;2-P},
	doi = {10.1002/(SICI)1096-9128(199711)9:11<1091::AID-CPE342>3.0.CO;2-P},
	pages = {1091--1099},
	year = {1997},
}

@incollection{blount1998evaluation,
	title={An evaluation of Java for numerical computing},
	author={Blount, Brian and Chatterjee, Siddhartha},
	booktitle={Computing in Object-Oriented Parallel Environments},
	pages={35--46},
	year={1998},
	publisher=springer,
}

@inproceedings{duboscq13,
	author = {Duboscq, Gilles and Stadler, Lukas and W\"urthinger, Thomas and Simon, Doug and Wimmer, Christian},
	title = {Graal {IR}: An Extensible Declarative Intermediate Representation},
	booktitle = plc,
	year = {2013},
}

@article{java_client_compiler,
 author = {Kotzmann, Thomas and Wimmer, Christian and M\"{o}ssenb\"{o}ck, Hanspeter and Rodriguez, Thomas and Russell, Kenneth and Cox, David},
 title = {Design of the {Java} {HotSpot}\texttrademark\ client compiler for {Java} 6},
 journal = {ACM Trans. Archit. Code Optim.},
 issue_date = {May 2008},
 volume = {5},
 number = {1},
 month = may,
 year = {2008},
 issn = {1544-3566},
 pages = {7:1--7:32},
 articleno = {7},
 numpages = {32},
 url = {http://doi.acm.org/10.1145/1369396.1370017},
 doi = {10.1145/1369396.1370017},
 acmid = {1370017},
 publisher = acm,
 address = {New York, NY, USA},
 keywords = {Java, compiler, deoptimization, intermediate representation, just-in-time compilation, optimization, register allocation},
}

@book{liang1999java,
	title={The Java Native Interface: Programmer's Guide and Specification},
	author={Liang, Sheng},
	year={1999},
	publisher=addison,
}


@misc{moreira01theninja,
    author = {E. Moreira, Jose and P. Midkiff, Samuel and Gupta, Manish and Artigas, Pedro and Wu, Peng and Almasi, George},
    title = {The NINJA Project: Making Java Work for High Performance Numerical Computing},
    year = {2001},
} 

@article{getov1998high,
	title={High-performance parallel programming in Java: Exploiting native libraries},
	author={Getov, Vladimir and Hummel, Flynn, Susan and Mintchev, Sava},
	journal=cpe,
	volume={10},
	number={11-13},
	pages={863--872},
	year={1998}
}

@book{gordon1998essential,
	title={Essential JNI: Java Native Interface},
	author={Gordon, Rob},
	year={1998},
	publisher=prentice,
}

@inproceedings{kurzyniec2001efficient,
	title={Efficient cooperation between Java and native codes--JNI performance benchmark},
	author={Kurzyniec, Dawid and Sunderam, Vaidy},
	booktitle=pdp,
	year={2001},
	organization={Citeseer}
}

@misc{jblas,
	author = "{L. Braun, Mikio}",
	howpublished = "\url{http://jblas.org/}",
	title = {jblas. Linear Algebra for Java},
	year = "2013",
	timestamp = {2013.05.3},
}

@misc{graaljavadoc,
	author = "Oracle",
	title = "Graal OpenJDK Project Documentation",
	howpublished="\url{http://lafo.ssw.uni-linz.ac.at/javadoc/graalvm/all/index.html}",
	year = "2013",
	timestamp = {2013.05.3},
}

@misc{graalproject,
	author = "{Oracle}",
	title = "{OpenJDK}: {Graal} Project",
	howpublished="\url{http://openjdk.java.net/projects/graal/}",
	year = "2013",
	timestamp = {2013.05.3},
}

@inproceedings{hirtzel2007jeannie,
	author = {Hirzel, Martin and Grimm, Robert},
	title = {Jeannie: granting java native interface developers their wishes},
	booktitle = oop,
	series = {OOPSLA '07},
	year = {2007},
	isbn = {978-1-59593-786-5},
	location = {Montreal, Quebec, Canada},
	pages = {19--38},
	numpages = {20},
	url = {http://doi.acm.org/10.1145/1297027.1297030},
	doi = {10.1145/1297027.1297030},
	acmid = {1297030},
	publisher = acm,
	address = {New York, NY, USA},
	keywords = {C, JNI, foreign function interface, java, modular syntax, programming language composition, rats!, xtc},
} 

@article{moreira2000java,
	title={Java programming for high-performance numerical computing},
	author={Moreira, Jose E. and Midkiff, Samuel P. and Gupta, Manish and Artigas, Pedro V. and Snir, Marc and Lawrence, Richard D.},
	journal={IBM Systems Journal},
	volume={39},
	number={1},
	pages={21--56},
	year={2000},
	publisher=ibm,
}

@inproceedings{stadler2012graph,
 author = {Stadler, Lukas and Duboscq, Gilles and M\"{o}ssenb\"{o}ck, Hanspeter and W\"{u}rthinger, Thomas},
 title = {Compilation queuing and graph caching for dynamic compilers},
 booktitle = {Proceedings of the sixth ACM workshop on Virtual machines and intermediate languages},
 series = {VMIL '12},
 year = {2012},
 isbn = {978-1-4503-1633-0},
 location = {Tucson, Arizona, USA},
 pages = {49--58},
 numpages = {10},
 url = {http://doi.acm.org/10.1145/2414740.2414750},
 doi = {10.1145/2414740.2414750},
 acmid = {2414750},
 publisher = acm,
 address = {New York, NY, USA},
 keywords = {caching, compilation, java, optimization, performance, queuing, virtual machine},
} 



@inproceedings{stepanian2005inlining,
	author = {Stepanian, Levon and Brown, Demke, Angela and Kielstra, Allan and Koblents, Gita and Stoodley, Kevin},
	title = {Inlining java native calls at runtime},
	booktitle = vee,
	series = {VEE '05},
	year = {2005},
	isbn = {1-59593-047-7},
	location = {Chicago, IL, USA},
	pages = {121--131},
	numpages = {11},
	url = {http://doi.acm.org/10.1145/1064979.1064997},
	doi = {10.1145/1064979.1064997},
	acmid = {1064997},
	publisher = acm,
	address = {New York, NY, USA},
	keywords = {JIT compilation, JNI, Java, inlining, native code},
}

@inproceedings{tan2006safe,
	title={Safe Java native interface},
	author={Tan, Gang and Appel, Andrew W and Chakradhar, Srimat and Raghunathan, Anand and Ravi, Srivaths and Wang, Daniel},
	booktitle={Proceedings of IEEE International Symposium on Secure Software Engineering},
	pages={97--106},
	year={2006},
	organization={Citeseer}
}


@inproceedings{wimmer2012truffle,
  title={Truffle: a self-optimizing runtime system},
  author={Wimmer, Christian and W{\"u}rthinger, Thomas},
  booktitle={Proceedings of the 3rd annual conference on Systems, programming, and applications: software for humanity},
  pages={13--14},
  year={2012},
  organization=acm
}


@inproceedings{wurthinger2012self,
  title={Self-optimizing AST interpreters},
  author={W{\"u}rthinger, Thomas and W{\"o}{\ss}, Andreas and Stadler, Lukas and Duboscq, Gilles and Simon, Doug and Wimmer, Christian},
  booktitle={Proceedings of the 8th symposium on Dynamic languages},
  pages={73--82},
  year={2012},
  organization=acm
}

@misc{truffle,
	title = {One VM to Rule Them All},
	author={W{\"u}rthinger, Thomas and Christian Wimmer and W{\"o}{\ss}, Andreas and Stadler, Lukas and Duboscq, Gilles and Humer, Christian and Richards, Gregor and  Simon, Doug and Wolczko, Mario},
	timestamp = {2013.05.3},
	year="2013",
}

@inproceedings{security,
    author = {Gang Tan and Jason Croft},
    title = {An Empirical Security Study of the Native Code in the JDK},
    booktitle={Usenix Security Symposium (SS)},
    year = {2008}
}

TODO: authors?
@misc{blas,
	howpublished = "\url{http://www.netlib.org/blas/}",
	title = {BLAS (Basic Linear Algebra Subprograms)},
	timestamp = {2013.05.3},
	year="2013",
}


@misc{jna,
	title="{Java Native Access (JNA)}",
	howpublished="\url{https://github.com/twall/jna#readme}",
	year={2013},
	timestamp = {2013.05.3},
}

@INPROCEEDINGS{Chambers91optimizingdynamically-typed,
    author = {Craig Chambers and David Ungar and Elgin Lee},
    title = {Optimizing dynamically-typed object-oriented languages with polymorphic inline caches},
    booktitle = {},
    year = {1991},
    pages = {21--38},
    publisher = {Springer-Verlag}
}
@inproceedings{Kotzmann,
 author = {Kotzmann, Thomas and M\"{o}ssenb\"{o}ck, Hanspeter},
 title = {Escape analysis in the context of dynamic compilation and deoptimization},
 booktitle = {Proceedings of the 1st ACM/USENIX international conference on Virtual execution environments},
 series = {VEE '05},
 year = {2005},
 isbn = {1-59593-047-7},
 location = {Chicago, IL, USA},
 pages = {111--120},
 numpages = {10},
 url = {http://doi.acm.org/10.1145/1064979.1064996},
 doi = {10.1145/1064979.1064996},
 acmid = {1064996},
 publisher = {ACM},
 address = {New York, NY, USA},
 keywords = {Java, deoptimization, escape analysis, just-in-time compilation, optimization, scalar replacement, stack allocation, synchronization removal},
} 

@misc{Clang,
	title="{clang: a C language family frontend for LLVM}",
	howpublished="\url{http://clang.llvm.org/}",
	year={2013},
	timestamp = {2013.05.3},
}

@misc{gcc,
	title="{gcc, the gnu compiler collection}",
	howpublished="\url{http://gcc.gnu.org/}",
	year={2013},
	timestamp = {2013.05.3},
}

@misc{cni,
	title="{cni, the compiled native interface}",
	howpublished="\url{http://gcc.gnu.org/onlinedocs/gcj/About-CNI.html}",
	year={2013},
	timestamp = {2013.05.3},
}


@article{cint,
 author = {Davidson, J. W. and Gresh, J. V.},
 title = {Cint: a RISC interpreter for the C programming language},
 journal = {SIGPLAN Not.},
 issue_date = {July 1987},
 volume = {22},
 number = {7},
 month = jul,
 year = {1987},
 issn = {0362-1340},
 pages = {189--198},
 numpages = {10},
 url = {http://doi.acm.org/10.1145/960114.29670},
 doi = {10.1145/960114.29670},
 acmid = {29670},
 publisher = {ACM},
 address = {New York, NY, USA},
} 

@inproceedings{softbound,
 author = {Nagarakatte, Santosh and Zhao, Jianzhou and Martin, Milo M.K. and Zdancewic, Steve},
 title = {SoftBound: highly compatible and complete spatial memory safety for c},
 booktitle = {Proceedings of the 2009 ACM SIGPLAN conference on Programming language design and implementation},
 series = {PLDI '09},
 year = {2009},
 isbn = {978-1-60558-392-1},
 location = {Dublin, Ireland},
 pages = {245--258},
 numpages = {14},
 url = {http://doi.acm.org/10.1145/1542476.1542504},
 doi = {10.1145/1542476.1542504},
 acmid = {1542504},
 publisher = {ACM},
 address = {New York, NY, USA},
 keywords = {buffer overflows, c, spatial memory safety},
} 

@misc{MSCC,
	title="{MSCC, Memory Safe C Compiler}",
	howpublished="\url{http://www.seclab.cs.sunysb.edu/mscc/}",
	year={2013},
	timestamp = {2013.05.3},
}

@inproceedings{GNFI,
 author = {Grimmer, Matthias and Rigger, Manuel and Stadler, Lukas and Schatz, Roland and M\"{o}ssenb\"{o}ck, Hanspeter},
 title = {An efficient native function interface for Java},
 booktitle = {Proceedings of the 2013 International Conference on Principles and Practices of Programming on the Java Platform: Virtual Machines, Languages, and Tools},
 series = {PPPJ '13},
 year = {2013},
 isbn = {978-1-4503-2111-2},
 location = {Stuttgart, Germany},
 pages = {35--44},
 numpages = {10},
 url = {http://doi.acm.org/10.1145/2500828.2500832},
 doi = {10.1145/2500828.2500832},
 acmid = {2500832},
 publisher = {ACM},
 address = {New York, NY, USA},
 keywords = {Graal, JNA, JNI, Java, Truffle, jblas, native code, native function interface, optimization},
} 
