@misc{npm,
	title = {Npm Homepage},
	howpublished = "\url{https://www.npmjs.com/}",
	note = {Accessed: 2016-10-09}
}

@misc{fs-extra,
	title = {fs-extra package},
	howpublished = "\url{https://www.npmjs.com/package/fs-extra/}",
	note = {Accessed: 2016-10-12}
}

@misc{ncp,
	title = {ncp package},
	howpublished = "\url{https://www.npmjs.com/package/ncp/}",
	note = {Accessed: 2016-10-12}
}

@misc{colors,
	title = {colors package},
	howpublished = "\url{https://www.npmjs.com/package/colors/}",
	note = {Accessed: 2016-10-12}
}

@misc{commander,
	title = {commander package},
	howpublished = "\url{https://www.npmjs.com/package/commander/}",
	note = {Accessed: 2016-10-12}
}

@misc{crypto,
	title = {crypto package},
	howpublished = "\url{https://www.npmjs.com/package/crypto/}",
	note = {Accessed: 2016-10-12}
}

@misc{fstream,
	title = {fstream package},
	howpublished = "\url{https://www.npmjs.com/package/fstream/}",
	note = {Accessed: 2016-10-12}
}

@misc{path,
	title = {path package},
	howpublished = "\url{https://www.npmjs.com/package/path/}",
	note = {Accessed: 2016-10-12}
}

@misc{tar,
	title = {tar package},
	howpublished = "\url{https://www.npmjs.com/package/tar/}",
	note = {Accessed: 2016-10-12}
}

@misc{verror,
	title = {verror package},
	howpublished = "\url{https://www.npmjs.com/package/verror/}",
	note = {Accessed: 2016-10-12}
}

@misc{mkdirp,
	title = {mkdirp package},
	howpublished = "\url{https://www.npmjs.com/package/mkdirp/}",
	note = {Accessed: 2016-10-12}
}


@misc{nodejs-about,
	title = {Node.js About},
	howpublished = "\url{https://nodejs.org/en/about/}",
	note = {Accessed: 2016-10-12}
}

@misc{nodejs-childprocess,
	title = {Node.js child process API},
	howpublished = "\url{https://nodejs.org/api/child_process.html#child_process_child_process_fork_modulepath_args_options/}",
	note = {Accessed: 2016-10-12}
}

@misc{nodejs-cluster,
	title = {Node.js cluster module},
	howpublished = "\url{https://nodejs.org/api/cluster.html}",
	note = {Accessed: 2016-10-12}
}

@misc{npm-starred,
	title = {Npm most starred packages},
	howpublished = "\url{https://www.npmjs.com/browse/star/}",
	note = {Accessed: 2016-10-12}
}

@misc{ghost-git,
	title = {Ghost GitHub repository},
	howpublished = "\url{https://github.com/TryGhost/Ghost/}",
	note = {Accessed: 2016-10-12}
}

@misc{ghost,
	title = {Ghost Homepage},
	howpublished = "\url{https://ghost.org/}",
	note = {Accessed: 2016-10-12}
}

@misc{ghost-cluster,
	title = {Ghost Cluster Example},
	howpublished = "\url{http://blog.fabianbecker.eu/scale-ghost-to-the-next-level/}",
	note = {Accessed: 2016-10-12}
}

@misc{ghost-module,
	title = {Ghost as Module},
	howpublished = "\url{https://github.com/TryGhost/Ghost/wiki/Using-Ghost-as-an-npm-module/}",
	note = {Accessed: 2016-10-12}
}

@misc{ghost-npm,
	title = {ghost package},
	howpublished = "\url{https://www.npmjs.com/package/ghost/}",
	note = {Accessed: 2016-10-12}
}

@misc{nodejs,
	title = {Node.js Homepage},
	howpublished = "\url{https://nodejs.org/en/}",
	note = {Accessed: 2016-10-12}
}

@misc{npm-about,
	title = {What is npm},
	howpublished = "\url{https://docs.npmjs.com/getting-started/what-is-npm/}",
	note = {Accessed: 2016-10-12}
}

@misc{npm-depended,
	title = {Npm most depended-upon packages},
	howpublished = "\url{https://www.npmjs.com/browse/depended/}",
	note = {Accessed: 2016-10-12}
}

@misc{jmeter,
	title = {Apache JMeter},
	howpublished = "\url{http://jmeter.apache.org/}",
	note = {Accessed: 2016-10-12}
}

@misc{graal,
	title = {Graal Overview},
	howpublished = "\url{http://www.oracle.com/technetwork/oracle-labs/program-languages/overview/index-2301583.html}",
	note = {Accessed: 2016-10-15}
}

